@article{loenhout,
  title={Non-bias-limited tracking of spherical particles, enabling nanometer resolution at low magnification},
  author={van Loenhout, Marijn TJ and Kerssemakers, Jacob WJ and De Vlaminck, Iwijn and Dekker, Cees},
  journal={Biophysical journal},
  volume={102},
  number={10},
  pages={2362--2371},
  year={2012},
  publisher={Elsevier}
}

@article{shaevitz2006practical,
  title={A practical guide to optical trapping},
  author={Shaevitz, Joshua W},
  journal={University of Washington},
  volume={138},
  year={2006}
}

@article{rojas2009secret,
  title={The secret life of the covariance matrix},
  author={Rojas, Ra{\'u}l},
  journal={Freie Universit{\"a}t Berlin [online], URL: http://www. inf. fu-berlin. de/inst/ag-ki/rojas\_home/documents/tutorials/secretcovariance. pdf [cited 1 October 2012]},
  year={2009}
}

@article{do2008multivariate,
  title={The multivariate gaussian distribution},
  author={Do, Chuong B},
  journal={Section Notes, Lecture on Machine Learning, CS},
  volume={229},
  year={2008}
}